
@Book{Smith,
  author =	 {J. Smith},
  title = 	 {Introduction to Everything},
  publisher = 	 {John Doe},
  year = 	 1974
}


